@ARTICLE{van2011,
       author = {{van Kerkwijk}, M.~H. and {Breton}, R.~P. and {Kulkarni}, S.~R.},
        title = "{Evidence for a Massive Neutron Star from a Radial-velocity Study of the Companion to the Black-widow Pulsar PSR B1957+20}",
      journal = {\apj},
     keywords = {pulsars: individual: PSR B1957+20, stars: neutron, Astrophysics - High Energy Astrophysical Phenomena, Astrophysics - Solar and Stellar Astrophysics},
         year = 2011,
        month = feb,
       volume = {728},
       number = {2},
          eid = {95},
        pages = {95},
          doi = {10.1088/0004-637X/728/2/95},
archivePrefix = {arXiv},
       eprint = {1009.5427},
 primaryClass = {astro-ph.HE},
       adsurl = {https://ui.adsabs.harvard.edu/abs/2011ApJ...728...95V},
      adsnote = {Provided by the SAO/NASA Astrophysics Data System}
}

@ARTICLE{Zharikov2019,
	author = {{Zharikov}, S. and {Kirichenko}, A. and {Zyuzin}, D. and {Shibanov}, Yu and
	{Deneva}, J.~S.},
	title = "{Optical detection of the black widow binary PSR J2052+1219}",
	journal = {\mnras},
	keywords = {binaries: close, stars: neutron, pulsars: individual: PSR J2052+1219, pulsars: individual: PSR J2052+1218, Astrophysics - Solar and Stellar Astrophysics, Astrophysics - High Energy Astrophysical Phenomena},
	year = 2019,
	month = nov,
	volume = {489},
	number = {4},
	pages = {5547-5555},
	doi = {10.1093/mnras/stz2475},
	archivePrefix = {arXiv},
	eprint = {1909.00483},
	primaryClass = {astro-ph.SR},
	adsurl = {https://ui.adsabs.harvard.edu/abs/2019MNRAS.489.5547Z},
	adsnote = {Provided by the SAO/NASA Astrophysics Data System}
}

@ARTICLE{fruchter1988,
	author = {{Fruchter}, A.~S. and {Stinebring}, D.~R. and {Taylor}, J.~H.},
	title = "{A millisecond pulsar in an eclipsing binary}",
	journal = {\nat},
	keywords = {Circular Orbits, Companion Stars, Eclipsing Binary Stars, Pulsars, Ionized Gases, Microwave Spectrometers, Orbital Velocity, Plasma Density, Stellar Temperature, Stellar Winds, Astrophysics},
	year = 1988,
	month = may,
	volume = {333},
	number = {6170},
	pages = {237-239},
	doi = {10.1038/333237a0},
	adsurl = {https://ui.adsabs.harvard.edu/abs/1988Natur.333..237F},
	adsnote = {Provided by the SAO/NASA Astrophysics Data System}
}

 @phdthesis{Crowter_2018, series={Electronic Theses and Dissertations (ETDs) 2008+}, title={Timing and analysis of eclipsing black widow pulsar PSR J2256-1024}, url={https://open.library.ubc.ca/collections/ubctheses/24/items/1.0371173}, DOI={http://dx.doi.org/10.14288/1.0371173}, school={University of British Columbia}, author={Crowter, Kathryn}, year={2018}, collection={Electronic Theses and Dissertations (ETDs) 2008+}}

@PHDTHESIS{2017PhDT-Golam,
	author = {{Shaifullah}, Golam},
	title = "{Timing and properties of recycled pulsars}",
	school = {Universit{\"a}t Bielefeld},
	year = 2017,
	month = may,
	adsurl = {https://ui.adsabs.harvard.edu/abs/2017PhDT.......182S},
	adsnote = {Provided by the SAO/NASA Astrophysics Data System}
}

@ARTICLE{1974Bisnovatyi,
	author = {{Bisnovatyi-Kogan}, G.~S. and {Komberg}, B.~V.},
	title = "{Pulsars and close binary systems}",
	journal = {\sovast},
	year = 1974,
	month = oct,
	volume = {18},
	pages = {217},
	adsurl = {https://ui.adsabs.harvard.edu/abs/1974SvA....18..217B},
	adsnote = {Provided by the SAO/NASA Astrophysics Data System}
}

@ARTICLE{2017Manchester-MSP-Evolution-aplications,
	author = {{Manchester}, R.~N.},
	title = "{Millisecond Pulsars, their Evolution and Applications}",
	journal = {Journal of Astrophysics and Astronomy},
	keywords = {Pulsars, general, stars: evolution, gravitation, Astrophysics - High Energy Astrophysical Phenomena},
	year = 2017,
	month = sep,
	volume = {38},
	number = {3},
	eid = {42},
	pages = {42},
	doi = {10.1007/s12036-017-9469-2},
	archivePrefix = {arXiv},
	eprint = {1709.09434},
	primaryClass = {astro-ph.HE},
	adsurl = {https://ui.adsabs.harvard.edu/abs/2017JApA...38...42M},
	adsnote = {Provided by the SAO/NASA Astrophysics Data System}
}

@ARTICLE{1991Formationandevolution,
	author = {{Bhattacharya}, D. and {van den Heuvel}, E.~P.~J.},
	title = "{Formation and evolution of binary and millisecond radio pulsars}",
	journal = {\physrep},
	year = 1991,
	month = jan,
	volume = {203},
	number = {1-2},
	pages = {1-124},
	doi = {10.1016/0370-1573(91)90064-S},
	adsurl = {https://ui.adsabs.harvard.edu/abs/1991PhR...203....1B},
	adsnote = {Provided by the SAO/NASA Astrophysics Data System}
}

@ARTICLE{2005king-population-BW,
	author = {{King}, A.~R. and {Beer}, M.~E. and {Rolfe}, D.~J. and {Schenker}, K. and
	{Skipp}, J.~M.},
	title = "{The population of black widow pulsars}",
	journal = {\mnras},
	keywords = {binaries: close, Astrophysics},
	year = 2005,
	month = apr,
	volume = {358},
	number = {4},
	pages = {1501-1504},
	doi = {10.1111/j.1365-2966.2005.08877.x},
	archivePrefix = {arXiv},
	eprint = {astro-ph/0502511},
	primaryClass = {astro-ph},
	adsurl = {https://ui.adsabs.harvard.edu/abs/2005MNRAS.358.1501K},
	adsnote = {Provided by the SAO/NASA Astrophysics Data System}
}

@INBOOK{2005king-evolution-BW,
	author = {{King}, A.~R. and {Beer}, M.~E.},
	title = "{Evolution of Black Widow Pulsars}",
	booktitle = {Binary Radio Pulsars},
	year = 2005,
	editor = {{Rasio}, Fred A. and {Stairs}, Ingrid H.},
	volume = {328},
	series = {Astronomical Society of the Pacific Conference Series},
	pages = {429},
	adsurl = {https://ui.adsabs.harvard.edu/abs/2005ASPC..328..429K},
	adsnote = {Provided by the SAO/NASA Astrophysics Data System}
}

@INPROCEEDINGS{2013Roberts-sorrounded-by-spy,
	author = {{Roberts}, Mallory S.~E.},
	title = "{Surrounded by spiders! New black widows and redbacks in the Galactic field}",
	keywords = {binaries: close, pulsars: general, binaries: eclipsing, shock waves, gamma rays: observations, acceleration of particles, accretion, equation of state, pulsars: individual (PSR J2129-0429), X-rays: binaries, Astrophysics - High Energy Astrophysical Phenomena, Astrophysics - Astrophysics of Galaxies},
	booktitle = {Neutron Stars and Pulsars: Challenges and Opportunities after 80 years},
	year = 2013,
	editor = {{van Leeuwen}, Joeri},
	series = {IAU Symposium},
	volume = {291},
	month = mar,
	pages = {127-132},
	doi = {10.1017/S174392131202337X},
	archivePrefix = {arXiv},
	eprint = {1210.6903},
	primaryClass = {astro-ph.HE},
	adsurl = {https://ui.adsabs.harvard.edu/abs/2013IAUS..291..127R},
	adsnote = {Provided by the SAO/NASA Astrophysics Data System}
}

@ARTICLE{2020-formation-mechanism-RBP-DeVito,
	author = {{De Vito}, M.~A. and {Benvenuto}, O.~G. and {Horvath}, J.~E.},
	title = "{Identifying the formation mechanism of redback pulsars}",
	journal = {\mnras},
	keywords = {(stars:) binaries (including multiple): close, (stars:) evolution, (stars:) pulsars: general, Astrophysics - Solar and Stellar Astrophysics, Astrophysics - High Energy Astrophysical Phenomena},
	year = 2020,
	month = apr,
	volume = {493},
	number = {2},
	pages = {2171-2177},
	doi = {10.1093/mnras/staa395},
	archivePrefix = {arXiv},
	eprint = {2002.02764},
	primaryClass = {astro-ph.SR},
	adsurl = {https://ui.adsabs.harvard.edu/abs/2020MNRAS.493.2171D},
	adsnote = {Provided by the SAO/NASA Astrophysics Data System}
}

@ARTICLE{1982New-class-MSP-Alpar,
	author = {{Alpar}, M.~A. and {Cheng}, A.~F. and {Ruderman}, M.~A. and {Shaham}, J.},
	title = "{A new class of radio pulsars}",
	journal = {\nat},
	keywords = {Pulsars, Radio Astronomy, Accretion Disks, Binary Stars, Gamma Rays, Stellar Mass Accretion, X Rays, Astrophysics},
	year = 1982,
	month = dec,
	volume = {300},
	number = {5894},
	pages = {728-730},
	doi = {10.1038/300728a0},
	adsurl = {https://ui.adsabs.harvard.edu/abs/1982Natur.300..728A},
	adsnote = {Provided by the SAO/NASA Astrophysics Data System}
}

@ARTICLE{2000kuipler-fst-gamma-ray-pulsar,
	author = {{Kuiper}, L. and {Hermsen}, W. and {Verbunt}, F. and {Thompson}, D.~J. and
	{Stairs}, I.~H. and {Lyne}, A.~G. and {Strickman}, M.~S. and
	{Cusumano}, G.},
	title = "{The likely detection of pulsed high-energy gamma -ray emission from millisecond pulsar PSR J0218+4232}",
	journal = {\aap},
	keywords = {STARS: PULSARS: INDIVIDUAL: PSR J0218+4232, STARS: NEUTRON, GALAXIES: BL LACERTAE OBJECTS: INDIVIDUAL: 3C 66A, GAMMA RAYS: OBSERVATIONS, X-RAYS: STARS, Astrophysics},
	year = 2000,
	month = jul,
	volume = {359},
	pages = {615-626},
	archivePrefix = {arXiv},
	eprint = {astro-ph/0005338},
	primaryClass = {astro-ph},
	adsurl = {https://ui.adsabs.harvard.edu/abs/2000A&A...359..615K},
	adsnote = {Provided by the SAO/NASA Astrophysics Data System}
}

@ARTICLE{1988Eichler-On-Black-widow,
	author = {{Eichler}, David and {Levinson}, Amir},
	title = "{On Black Widow Evolutionary Scenarios for Binary Neutron Stars}",
	journal = {\apjl},
	keywords = {Binary Stars, Neutron Stars, Stellar Evolution, Stellar Physics, X Ray Binaries, Gamma Rays, Stellar Mass Ejection, Stellar Winds, Synchrotron Radiation, Astrophysics, PULSARS, STARS: ECLIPSING BINARIES, STARS: WINDS, STARS: X-RAYS, X-RAYS: BINARIES},
	year = 1988,
	month = dec,
	volume = {335},
	pages = {L67},
	doi = {10.1086/185341},
	adsurl = {https://ui.adsabs.harvard.edu/abs/1988ApJ...335L..67E},
	adsnote = {Provided by the SAO/NASA Astrophysics Data System}
}



