

@book{AvilaOAN,
	author = {Fernando Avila},
	editor = {IA-UNAM},
	title = {Reducción de Datos Astronómicos},
	year = {2014},
	OPTsubtitle = {subtitle},
	OPTtitleaddon = {titleaddon},
	OPTlanguage = {language},
	OPThowpublished = {howpublished},
	OPTtype = {type},
	OPTnote = {note},
	location = {México},
	OPTchapter = {chapter},
	OPTpages = {pages},
	OPTpagetotal = {pagetotal},
	OPTaddendum = {addendum},
	OPTpubstate = {pubstate},
	OPTdoi = {doi},
	OPTeprint = {eprint},
	OPTeprintclass = {eprintclass},
	OPTeprinttype = {eprinttype},
	url = {http://www.astrosen.unam.mx/~favilac/},
	OPTurldate = {urldate},
}



@BOOK{1983-shapiro,
       author = {{Shapiro}, Stuart L. and {Teukolsky}, Saul A.},
        title = "{Black holes, white dwarfs, and neutron stars : the physics of compact objects}",
         year = "1983",
      publisher = {John Wiley & Sons, Ltd},
isbn = {9783527617661},
title = {Frontmatter},
doi = {10.1002/9783527617661.fmatter},
url = {https://onlinelibrary.wiley.com/doi/abs/10.1002/9783527617661.fmatter},
eprint = {https://onlinelibrary.wiley.com/doi/pdf/10.1002/9783527617661.fmatter},
}


@book{Camenzind2007,
title="Compact Objects in Astrophysics",
author={Max Camezind},
bookTitle="Compact Objects in Astrophysics: White Dwarfs, Neutron Stars and Black Holes",
year="2007",
publisher="Springer Berlin Heidelberg",
address="Berlin, Heidelberg",
isbn="978-3-540-49912-1",
doi="10.1007/978-3-540-49912-1_1",
url="https://doi.org/10.1007/978-3-540-49912-1_1"
}



@book{warner2016practical,
	title={A Practical Guide to Lightcurve Photometry and Analysis},
	author={Warner, B.D.},
	isbn={9783319327501},
	series={The Patrick Moore Practical Astronomy Series},
	url={https://books.google.com.gt/books?id=fu56DAAAQBAJ},
	year={2016},
	publisher={Springer International Publishing}
}

@book{howell_2006, 
	place={Cambridge}, 
	edition={2}, 
	series={Cambridge Observing Handbooks for Research Astronomers}, 
	title={Handbook of CCD Astronomy}, 
	DOI={10.1017/CBO9780511807909}, 
	publisher={Cambridge University Press}, 
	author={Howell, Steve B.}, 
	year={2006}, 
	collection={Cambridge Observing Handbooks for Research Astronomers}
}

@misc{zeropoint1997,
	author = {{Space Telescope Science Institute}},
	title = {HST Data Handbook, Chapter 28},
	year = {1997},
	howpublished = {Accedido el 21-01-2020 a \url{http://www.stsci.edu/documents/dhb/web/c32_wfpc2dataanal.fm1.html#335730}},
}

@BOOK{karttunen2007fundamental,
	title={Fundamental Astronomy},
	author={Karttunen, H. and Kr{\"o}ger, P. and Oja, H. and Poutanen, M. and Donner, K.J.},
	isbn={9783540341444},
	url={https://books.google.com.gt/books?id=DjeVdb0sLEAC},
	year={2007},
	publisher={Springer Berlin Heidelberg}
}

@book{kovalevsky_seidelmann_2004, 
	place={Cambridge}, 
	title={Fundamentals of Astrometry}, 
	DOI={10.1017/CBO9781139106832}, 
	publisher={Cambridge University Press}, 
	author={Kovalevsky, 
	Jean and Seidelmann, P. Kenneth}, 
	year={2004}
}

@book{budding_demircan_2007, 
	place={Cambridge}, 
	edition={2}, 
	series={Cambridge Observing Handbooks for Research Astronomers}, 
	title={Introduction to Astronomical Photometry}, DOI={10.1017/CBO9780511536175}, 
	publisher={Cambridge University Press}, 
	author={Budding, Edwin and Demircan, Osman}, 
	year={2007}, 
	collection={Cambridge Observing Handbooks for Research Astronomers}
}


@BOOK{handbook_pulsar_astronomy2004kramer,
       author = {{Lorimer}, D.~R. and {Kramer}, M.},
        title = "{Handbook of Pulsar Astronomy}",
         year = 2004,
       volume = {4},
       adsurl = {https://ui.adsabs.harvard.edu/abs/2004hpa..book.....L},
      adsnote = {Provided by the SAO/NASA Astrophysics Data System}
}


@BOOK{1986Rybicki-Radiative-Pro-Ast,
       author = {{Rybicki}, George B. and {Lightman}, Alan P.},
        title = "{Radiative Processes in Astrophysics}",
         year = 1986,
       adsurl = {https://ui.adsabs.harvard.edu/abs/1986rpa..book.....R},
      adsnote = {Provided by the SAO/NASA Astrophysics Data System}
}

@book{Carroll2007,
      author        = "Carroll, Bradley W and Ostlie, Dale A",
      title         = "{An introduction to modern astrophysics; 2nd ed.}",
      publisher     = "Addison-Wesley",
      address       = "San Francisco, CA",
      year          = "2007",
      url           = "https://cds.cern.ch/record/1009754",
}


