@ARTICLE{1939Oppenheimer-Neutron-Cores,
       author = {{Oppenheimer}, J.~R. and {Volkoff}, G.~M.},
        title = "{On Massive Neutron Cores}",
      journal = {Physical Review},
         year = 1939,
        month = feb,
       volume = {55},
       number = {4},
        pages = {374-381},
          doi = {10.1103/PhysRev.55.374},
       adsurl = {https://ui.adsabs.harvard.edu/abs/1939PhRv...55..374O},
      adsnote = {Provided by the SAO/NASA Astrophysics Data System},
}

@ARTICLE{2000Heiselber-Recent-Progress,
	author = {{Heiselberg}, Henning and {Pandharipande}, Vijay},
	title = "{Recent Progress in Neutron Star Theory}",
	journal = {Annual Review of Nuclear and Particle Science},
	keywords = {Astrophysics, Nuclear Theory},
	year = 2000,
	month = jan,
	volume = {50},
	pages = {481-524},
	doi = {10.1146/annurev.nucl.50.1.481},
	archivePrefix = {arXiv},
	eprint = {astro-ph/0003276},
	primaryClass = {astro-ph},
	adsurl = {https://ui.adsabs.harvard.edu/abs/2000ARNPS..50..481H},
	adsnote = {Provided by the SAO/NASA Astrophysics Data System}
}

@ARTICLE{2011-rawls-mass-1Msolar,
	author = {{Rawls}, Meredith L. and {Orosz}, Jerome A. and
	{McClintock}, Jeffrey E. and {Torres}, Manuel A.~P. and
	{Bailyn}, Charles D. and {Buxton}, Michelle M.},
	title = "{Refined Neutron Star Mass Determinations for Six Eclipsing X-Ray Pulsar Binaries}",
	journal = {\apj},
	keywords = {methods: numerical, pulsars: individual: Vela X-1 4U 1538-42 SMC X-1 LMC X-4 Cen X-3 Her X-1, stars: neutron, X-rays: binaries, Astrophysics - Solar and Stellar Astrophysics},
	year = "2011",
	month = "Mar",
	volume = {730},
	number = {1},
	eid = {25},
	pages = {25},
	doi = {10.1088/0004-637X/730/1/25},
	archivePrefix = {arXiv},
	eprint = {1101.2465},
	primaryClass = {astro-ph.SR},
	adsurl = {\url{https://ui.adsabs.harvard.edu/abs/2011ApJ...730...25R}},
	adsnote = {Provided by the SAO/NASA Astrophysics Data System}
}

@ARTICLE{2019-fonseca-mass214,
	author = {{Cromartie}, H.~T. and {Fonseca}, E. and {Ransom}, S.~M. and
	{Demorest}, P.~B. and {Arzoumanian}, Z. and {Blumer}, H. and
	{Brook}, P.~R. and {DeCesar}, M.~E. and {Dolch}, T. and {Ellis}, J.~A. and
	{Ferdman}, R.~D. and {Ferrara}, E.~C. and {Garver-Daniels}, N. and
	{Gentile}, P.~A. and {Jones}, M.~L. and {Lam}, M.~T. and
	{Lorimer}, D.~R. and {Lynch}, R.~S. and {McLaughlin}, M.~A. and
	{Ng}, C. and {Nice}, D.~J. and {Pennucci}, T.~T. and {Spiewak}, R. and
	{Stairs}, I.~H. and {Stovall}, K. and {Swiggum}, J.~K. and {Zhu}, W.~W.},
	title = "{Relativistic Shapiro delay measurements of an extremely massive millisecond pulsar}",
	journal = {Nature Astronomy},
	year = "2019",
	month = "Sep",
	pages = {439},
	doi = {10.1038/s41550-019-0880-2},
	adsurl = {https://ui.adsabs.harvard.edu/abs/2019NatAs.tmp..439C},
	adsnote = {Provided by the SAO/NASA Astrophysics Data System}
}

@misc{neutron-star-masss,
	author = {James M. Lattimer},
	title = {Introduction to neutron stars},
	year = {2015},
	howpublished = {Accedido el 22-01-2020 a \url{http://www.astro.umd.edu/~miller/nstar.html}},
}